<?xml version="1.0" encoding="UTF-8"?><record xmlns="http://www.loc.gov/MARC21/slim" xmlns:cinclude="http://apache.org/cocoon/include/1.0" xmlns:zs="http://www.loc.gov/zing/srw/">
  <leader>00401cz  a2200133n  4500</leader>
  <controlfield tag="001">n  84157761 </controlfield>
  <controlfield tag="003">DLC</controlfield>
  <controlfield tag="005">20060310141623.0</controlfield>
  <controlfield tag="008">850109n| acannaabn          |a aaa      </controlfield>
  <datafield tag="010" ind1=" " ind2=" ">
    <subfield code="a">n  84157761 </subfield>
    <subfield code="z">n  85235391 </subfield>
  </datafield>
  <datafield tag="040" ind1=" " ind2=" ">
    <subfield code="a">DLC</subfield>
    <subfield code="c">DLC</subfield>
    <subfield code="d">DLC</subfield>
  </datafield>
  <datafield tag="100" ind1="1" ind2=" ">
    <subfield code="a">Lindgren, Astrid,</subfield>
    <subfield code="d">1907-2002.</subfield>
    <subfield code="t">Madicken.</subfield>
    <subfield code="l">English</subfield>
  </datafield>
  <datafield tag="400" ind1="1" ind2=" ">
    <subfield code="a">Lindgren, Astrid,</subfield>
    <subfield code="d">1907-2002.</subfield>
    <subfield code="t">Mischievous Meg</subfield>
  </datafield>
  <datafield tag="670" ind1=" " ind2=" ">
    <subfield code="a">Her Mischievous Meg, 1985, c1962.</subfield>
  </datafield>
</record>